@article{piatetsky1995knowledge,
  title={Knowledge discovery in personal data vs. privacy: A mini-symposium},
  author={Piatetsky-Shapiro, Gregory},
  journal={Intelligent Systems},
  number={2},
  pages={46--47},
  year={1995},
  publisher={IEEE}
}

@inproceedings{fayyad1996knowledge,
  title={Knowledge Discovery and Data Mining: Towards a Unifying Framework.},
  author={Fayyad, Usama M and Piatetsky-Shapiro, Gregory and Smyth, Padhraic},
  booktitle={KDD},
  volume={96},
  pages={82--88},
  year={1996}
}

@article{Cassidy2019Mar,
	author = {Cassidy, Francesca},
	title = {{A Day in Data}},
	journal = {Raconteur},
	year = {2019},
	month = {Mar},
	publisher = {Raconteur Media Ltd.},
	url = {https://www.raconteur.net/infographics/a-day-in-data}
}

@article{hilbert2011world,
  title={The worldâ€™s technological capacity to store, communicate, and compute information},
  author={Hilbert, Martin and L{\'o}pez, Priscila},
  journal={science},
  volume={332},
  number={6025},
  pages={60--65},
  year={2011},
  publisher={American Association for the Advancement of Science}
}

@article{gantz2012digital,
  title={The digital universe in 2020: Big data, bigger digital shadows, and biggest growth in the far east},
  author={Gantz, John and Reinsel, David},
  journal={IDC iView: IDC Analyze the future},
  volume={2007},
  number={2012},
  pages={1--16},
  year={2012}
}

@incollection{Klosgen1996,
 author = {Kl\"{o}sgen, Willi},
 chapter = {Explora: A Multipattern and Multistrategy Discovery Assistant},
 title = {Advances in Knowledge Discovery and Data Mining},
 editor = {Fayyad, Usama M. and Piatetsky-Shapiro, Gregory and Smyth, Padhraic and Uthurusamy, Ramasamy},
 year = {1996},
 isbn = {0-262-56097-6},
 pages = {249--271},
 numpages = {23},
 url = {http://dl.acm.org/citation.cfm?id=257938.257965},
 acmid = {257965},
 publisher = {American Association for Artificial Intelligence},
 address = {Menlo Park, CA, USA},
} 

@inproceedings{wrobel1997algorithm,
  title={An algorithm for multi-relational discovery of subgroups},
  author={Wrobel, Stefan},
  booktitle={European Symposium on Principles of Data Mining and Knowledge Discovery},
  pages={78--87},
  year={1997},
  organization={Springer}
}

@inproceedings{malewicz2010pregel,
  title={Pregel: a system for large-scale graph processing},
  author={Malewicz, Grzegorz and Austern, Matthew H and Bik, Aart JC and Dehnert, James C and Horn, Ilan and Leiser, Naty and Czajkowski, Grzegorz},
  booktitle={Proceedings of the 2010 ACM SIGMOD International Conference on Management of data},
  pages={135--146},
  year={2010},
  organization={ACM}
}

@article{herrera2011overview,
  title={An overview on subgroup discovery: foundations and applications},
  author={Herrera, Franciso and Carmona, Crist{\'o}bal Jos{\'e} and Gonz{\'a}lez, Pedro and Del Jesus, Mar{\'\i}a Jos{\'e}},
  journal={Knowledge and information systems},
  volume={29},
  number={3},
  pages={495--525},
  year={2011},
  publisher={Springer}
}

@article{novak2009supervised,
  title={Supervised descriptive rule discovery: A unifying survey of contrast set, emerging pattern and subgroup mining},
  author={Novak, Petra Kralj and Lavra{\v{c}}, Nada and Webb, Geoffrey I},
  journal={Journal of Machine Learning Research},
  volume={10},
  number={Feb},
  pages={377--403},
  year={2009}
}


@article{han2007frequent,
  title={Frequent pattern mining: current status and future directions},
  author={Han, Jiawei and Cheng, Hong and Xin, Dong and Yan, Xifeng},
  journal={Data mining and knowledge discovery},
  volume={15},
  number={1},
  pages={55--86},
  year={2007},
  publisher={Springer}
}

@article{jiang2013survey,
  title={A survey of frequent subgraph mining algorithms},
  author={Jiang, Chuntao and Coenen, Frans and Zito, Michele},
  journal={The Knowledge Engineering Review},
  volume={28},
  number={1},
  pages={75--105},
  year={2013},
  publisher={Cambridge University Press}
}


@article{ghemawat2003google,
  title={The Google file system},
  author={Ghemawat, Sanjay and Gobioff, Howard and Leung, Shun-Tak},
  year={2003}
}

@inproceedings{shvachko2010hadoop,
  title={The hadoop distributed file system.},
  author={Shvachko, Konstantin and Kuang, Hairong and Radia, Sanjay and Chansler, Robert and others},
  booktitle={MSST},
  volume={10},
  pages={1--10},
  year={2010}
}

@article{dean2008mapreduce,
  title={MapReduce: simplified data processing on large clusters},
  author={Dean, Jeffrey and Ghemawat, Sanjay},
  journal={Communications of the ACM},
  volume={51},
  number={1},
  pages={107--113},
  year={2008},
  publisher={ACM}
}

@inproceedings{zaharia2012resilient,
  title={Resilient distributed datasets: A fault-tolerant abstraction for in-memory cluster computing},
  author={Zaharia, Matei and Chowdhury, Mosharaf and Das, Tathagata and Dave, Ankur and Ma, Justin and McCauley, Murphy and Franklin, Michael J and Shenker, Scott and Stoica, Ion},
  booktitle={Proceedings of the 9th USENIX conference on Networked Systems Design and Implementation},
  pages={2--2},
  year={2012},
  organization={USENIX Association}
}

@inproceedings{dias2019fractal,
  title={Fractal: A General-Purpose Graph Pattern Mining System},
  author={Dias, Vinicius and Teixeira, Carlos HC and Guedes, Dorgival and Meira, Wagner and Parthasarathy, Srinivasan},
  booktitle={Proceedings of the 2019 International Conference on Management of Data},
  pages={1357--1374},
  year={2019},
  organization={ACM}
}

@inproceedings{bendimerad2016unsupervised,
  title={Unsupervised exceptional attributed sub-graph mining in urban data},
  author={Bendimerad, Ahmed Anes and Plantevit, Marc and Robardet, C{\'e}line},
  booktitle={2016 IEEE 16th International Conference on Data Mining (ICDM)},
  pages={21--30},
  year={2016},
  organization={IEEE}
}
